
@inproceedings{rss15,
author={C. Amato and G.D. Konidaris and A. Anders and G. Cruz and J.P. How and L.P. Kaelbling},
title={Policy Search for Multi-Robot Coordination under Uncertainty},
booktitle={Robotics: Science and Systems XI (RSS)},
year={2015},
url={http://lis.csail.mit.edu/pubs/amato-konidaris-rss15.pdf},
keywords={Multiagent, MDP}}

@article{ijrr17,
author = {Christopher Amato and George Konidaris and Ariel Anders and Gabriel Cruz and Jonathan P How and Leslie P Kaelbling},
title = {Policy search for multi-robot coordination under uncertainty},
journal = {The International Journal of Robotics Research},
volume = {35},
number = {14},
pages = {1760-1778},
year = {2017},
url={http://lis.csail.mit.edu/pubs/amato-ijrr17.pdf},
keywords={Multiagent, MDP}
}

@inproceedings{eaai17,
  title={Visual Servoing},
  author={Anders, Ariel and Karaman, Sertac},
  booktitle={EAAI-17: The 7th Symposium on Educational Advances in Artificial Intelligence},
  year={2017},
  url={http://modelai.gettysburg.edu/2017/visual-servo/index.html} 

}

@article{apl16,
author = {Daniel J. Preston and Ariel Anders and Banafsheh Barabadi and Evelyn Tio and Yangying Zhu and DingRan Annie Dai and Evelyn N. Wang},
title = {Electrowetting-on-dielectric actuation of a vertical translation and angular manipulation stage},
journal = {Applied Physics Letters},
volume = {109},
number = {24},
pages = {244102},
year = {2016},
doi = {10.1063/1.4971777},

URL = { 
        http://aip.scitation.org/doi/abs/10.1063/1.4971777
},

}

@inproceedings{mems17,

author = {Daniel J. Preston and Ariel Anders and Banafsheh Barabadi and Evelyn Tio and Yangying Zhu and DingRan Annie Dai and Evelyn N. Wang},
  title={Electrowetting-on-dielectric Actuation of a Spatial and Angular Manipulation Mems Stage},
  booktitle={The 30th IEEE International Conference on Micro Electro Mechanical Systems (MEMS 2017)},
  year={2017},
url={http://lis.csail.mit.edu/pubs/preston-mems17.pdf}
}

@mastersthesis{swag,
  title={Learning a strategy for whole-arm grasping},
  author={Ariel S. Anders},
  year={2014},
  school={Massachusetts Institute of Technology},

url={http://lis.csail.mit.edu/pubs/anders-14.pdf}
}

@INPROCEEDINGS{isec17,
AUTHOR="Sertac Karaman and Ariel Anders and Michael Boulet and Jane Connor and
Kenneth Gregson and Winter J Guerra and Owen Guldner and Mubarik Mohamoud
and Brian Plancher and Robert Shin and John Vivilecchia",
TITLE="Project-based, Collaborative, Algorithmic Robotics for High School
Students: Programming Self-driving Race Cars at {MIT}",
BOOKTITLE="2017 IEEE Integrated STEM Education Conference (ISEC) (ISEC'17)",
ADDRESS="Princeton, USA",
DAYS=11,
MONTH=mar,
YEAR=2017,
KEYWORDS="STEM education; hands-on robotics; project-based learning; team-based
learning",
url={http://lis.csail.mit.edu/pubs/anders-isec-17.pdf}
}

@inproceedings{dental,
      title={Dynamic Registration for Dental Robotics},
        author={ Ariel S. Anders and Jacob Rosen},
          booktitle={National Society of Black Engineers Technical Proceedings},
            volume={38},
              year={2012}
}

@techreport{acmp2017,
title={Planning Robust Strategies for Constructing Multi-object Arrangements},
author={Anders, Ariel and Kaelbling, Leslie and Lozano-Perez, Tomas},
year={2017},
url={https://dspace.mit.edu/handle/1721.1/108510},
institution={CSAIL MIT}
}


@inproceedings{anders2018juggle,
  title={Robot Juggling},
  author={Anders, Ariel},
  booktitle={EAAI-18: The 8th Symposium on Educational Advances in Artificial Intelligence},
  year={2018},
  url={http://modelai.gettysburg.edu/2018/juggling/} 

}


@inproceedings{andersICRA18,
    title={Reliably arranging objects in uncertain domains},
    author={Ariel S. Anders and Leslie P. Kaelbling and Tomas Lozano-Perez},
    booktitle={IEEE Conference on Robotics and Automation (ICRA)},
    year={2018},
    keywords={Manipulation Planning},
    url={http://lis.csail.mit.edu/pubs/anders-icra18.pdf}

}
